<?xml version="1.0" encoding="UTF-8"?><record xmlns="http://www.loc.gov/MARC21/slim" xmlns:cinclude="http://apache.org/cocoon/include/1.0" xmlns:zs="http://www.loc.gov/zing/srw/">
  <leader>00373nz  a2200121n  4500</leader>
  <controlfield tag="001">nr2006027512</controlfield>
  <controlfield tag="003">DLC</controlfield>
  <controlfield tag="005">20061018075342.0</controlfield>
  <controlfield tag="008">061016n| acannaabn          |n aaa     c</controlfield>
  <datafield tag="010" ind1=" " ind2=" ">
    <subfield code="a">nr2006027512</subfield>
  </datafield>
  <datafield tag="040" ind1=" " ind2=" ">
    <subfield code="a">UkOxU</subfield>
    <subfield code="b">eng</subfield>
    <subfield code="c">UkOxU</subfield>
  </datafield>
  <datafield tag="100" ind1="1" ind2=" ">
    <subfield code="a">Cockle, Tom,</subfield>
    <subfield code="d">1949-</subfield>
  </datafield>
  <datafield tag="670" ind1=" " ind2=" ">
    <subfield code="a">Modelling the early Panzerkampfwagen IV, 2005:</subfield>
    <subfield code="b">t.p. (Tom Cockle) p. 2 of cover (b. Edmonton, Alberta, 1949)</subfield>
  </datafield>
</record>